<record xmlns="http://www.loc.gov/MARC21/slim" xmlns:xsi="http://www.w3.org/2001/XMLSchema-instance" xsi:schemaLocation="http://www.loc.gov/MARC21/slim http://www.loc.gov/standards/marcxml/schema/MARC21slim.xsd"><leader>     nam a22        4500</leader><controlfield tag="001">3071263</controlfield><controlfield tag="003">NNC</controlfield><controlfield tag="006">m        d        </controlfield><controlfield tag="007">cr cn |||m|||a</controlfield><controlfield tag="008">150316s1928    ua      o     000 0 arard</controlfield><datafield ind1=" " ind2=" " tag="040"><subfield code="a">NNU</subfield><subfield code="b">eng</subfield><subfield code="e">rda</subfield><subfield code="c">NNU</subfield></datafield><datafield ind1=" " ind2="4" tag="050"><subfield code="a">PJ7750.B3</subfield><subfield code="b">R37 1928</subfield></datafield><datafield ind1="0" ind2=" " tag="100"><subfield code="6">880-01</subfield><subfield code="a">Badi&#772;&#699; al-Zama&#772;n al-Hamadha&#772;ni&#772;,</subfield><subfield code="d">969-1008.</subfield></datafield><datafield ind1="1" ind2="0" tag="245"><subfield code="6">880-02</subfield><subfield code="a">Rasa&#772;&#700;il Abi&#772; al-Fad&#803;l Badi&#772;&#699; al-Zama&#772;n al-Hamadha&#772;ni&#772; :</subfield><subfield code="b">wa-bi-ha&#772;mishihi Maqa&#772;ma&#772;tuh.</subfield></datafield><datafield ind1="3" ind2=" " tag="246"><subfield code="6">880-03</subfield><subfield code="a">Maqa&#772;ma&#772;t</subfield></datafield><datafield ind1=" " ind2=" " tag="250"><subfield code="6">880-04</subfield><subfield code="a">T&#803;ab&#699;ah 4.</subfield></datafield><datafield ind1=" " ind2=" " tag="260"><subfield code="6">880-05</subfield><subfield code="a">Mis&#803;r :</subfield><subfield code="b">Mat&#803;ba&#699;ah Hindi&#772;yah,</subfield><subfield code="c">1928.</subfield></datafield><datafield ind1=" " ind2=" " tag="300"><subfield code="a">online resource (332 pages)</subfield></datafield><datafield ind1=" " ind2=" " tag="336"><subfield code="a">text</subfield><subfield code="2">rdacontent</subfield></datafield><datafield ind1=" " ind2=" " tag="337"><subfield code="a">computer</subfield><subfield code="2">rdamedia</subfield></datafield><datafield ind1=" " ind2=" " tag="338"><subfield code="a">online resource</subfield><subfield code="2">rdacarrier</subfield></datafield><datafield ind1=" " ind2=" " tag="500"><subfield code="a">Part of the Arabic Collections Online (ACO) project, contributed by Columbia University Libraries.</subfield></datafield><datafield ind1=" " ind2=" " tag="533"><subfield code="a">Electronic reproduction.</subfield><subfield code="b">New York, N.Y. :</subfield><subfield code="c">New York University,</subfield><subfield code="d">2015.</subfield><subfield code="5">NNU</subfield></datafield><datafield ind1=" " ind2="0" tag="650"><subfield code="a">Arabic prose literature.</subfield></datafield><datafield ind1=" " ind2="0" tag="650"><subfield code="a">Arabic letters.</subfield></datafield><datafield ind1=" " ind2="7" tag="650"><subfield code="a">Arabic letters.</subfield><subfield code="2">fast</subfield><subfield code="0">(OCoLC)fst00812473</subfield></datafield><datafield ind1=" " ind2="7" tag="650"><subfield code="a">Arabic prose literature.</subfield><subfield code="2">fast</subfield><subfield code="0">(OCoLC)fst00812549</subfield></datafield><datafield ind1="0" ind2="2" tag="700"><subfield code="6">880-06</subfield><subfield code="a">Badi&#772;&#699; al-Zama&#772;n al-Hamadha&#772;ni&#772;,</subfield><subfield code="d">969-1008.</subfield><subfield code="t">Maqa&#772;ma&#772;t.</subfield></datafield><datafield ind1="2" ind2=" " tag="710"><subfield code="a">Columbia University.</subfield><subfield code="b">Libraries.</subfield></datafield><datafield ind1="0" ind2=" " tag="730"><subfield code="a">Arabic Collections Online.</subfield></datafield><datafield ind1="0" ind2="8" tag="776"><subfield code="i">Print version:</subfield><subfield code="a">Badi&#772;&#699; al-Zama&#772;n al-Hamadha&#772;ni&#772;, 969-1008.</subfield><subfield code="t">Rasa&#772;&#700;il Abi&#772; al-Fad&#803;l Badi&#772;&#699; al-Zama&#772;n al-Hamadha&#772;ni&#772;</subfield><subfield code="w">(NNC)3071263</subfield><subfield code="w">(OCoLC)42363863</subfield></datafield><datafield ind1="4" ind2="0" tag="856"><subfield code="u">http://hdl.handle.net/2333.1/wwpzgq5k</subfield></datafield><datafield ind1="0" ind2=" " tag="880"><subfield code="6">100-01/r</subfield><subfield code="a">&#1576;&#1583;&#1610;&#1593; &#1575;&#1604;&#1586;&#1605;&#1575;&#1606; &#1575;&#1604;&#1607;&#1605;&#1584;&#1575;&#1606;&#1610;&#1548;</subfield><subfield code="d">969-1008.</subfield></datafield><datafield ind1="1" ind2="0" tag="880"><subfield code="6">245-02/r</subfield><subfield code="a">&#1585;&#1587;&#1575;&#1574;&#1604; &#1575;&#1576;&#1610; &#1575;&#1604;&#1601;&#1590;&#1604; &#1576;&#1583;&#1610;&#1593; &#1575;&#1604;&#1586;&#1605;&#1575;&#1606; &#1575;&#1604;&#1607;&#1605;&#1584;&#1575;&#1606;&#1610; :</subfield><subfield code="b">&#1608;&#1576;&#1607;&#1575;&#1605;&#1588;&#1607; &#1605;&#1602;&#1575;&#1605;&#1575;&#1578;&#1607;.</subfield></datafield><datafield ind1="3" ind2=" " tag="880"><subfield code="6">246-03/r</subfield><subfield code="a">&#1605;&#1602;&#1575;&#1605;&#1575;&#1578;</subfield></datafield><datafield ind1=" " ind2=" " tag="880"><subfield code="6">250-04/r</subfield><subfield code="a">&#1591;&#1576;&#1593;&#1577; 4.</subfield></datafield><datafield ind1=" " ind2=" " tag="880"><subfield code="6">260-05/r</subfield><subfield code="a">&#1605;&#1589;&#1585; :</subfield><subfield code="b">&#1605;&#1591;&#1576;&#1593;&#1577; &#1607;&#1606;&#1583;&#1610;&#1577;&#1548;</subfield><subfield code="c">1928.</subfield></datafield><datafield ind1="0" ind2="2" tag="880"><subfield code="6">700-06/r</subfield><subfield code="a">&#1576;&#1583;&#1610;&#1593; &#1575;&#1604;&#1586;&#1605;&#1575;&#1606; &#1575;&#1604;&#1607;&#1605;&#1584;&#1575;&#1606;&#1610;&#1548;</subfield><subfield code="d">969-1008.</subfield><subfield code="t">&#1605;&#1602;&#1575;&#1605;&#1575;&#1578;.</subfield></datafield><datafield ind1=" " ind2=" " tag="959"><subfield code="a">NNU</subfield><subfield code="b">WEB</subfield><subfield code="c">GENI</subfield><subfield code="t">0</subfield><subfield code="m">Electronic access</subfield><subfield code="s">01</subfield></datafield><datafield ind1=" " ind2=" " tag="999"><subfield code="i">NNC_3071263</subfield><subfield code="o">(OCoLC)ocm42363863</subfield><subfield code="e">(ERROR-880)</subfield><subfield code="s">columbia_aco000319</subfield></datafield></record>